@misc{gittutorial,
	author    = "Code School",
	title     = "Try Git: Git Tutorial",
	howpublished = "\url{https://try.github.io/levels/1/challenges/1}"
}

@misc{latextutorial,
	author    = "Claudio Vellage",
	title     = "LaTeX Tutorial",
	howpublished = "\url{https://www.latex-tutorial.com/tutorials/}"
}

@misc{mdtutorial,
	author    = "GitHub",
	title     = "Mastering Markdown",
	howpublished = "\url{https://guides.github.com/features/mastering-markdown/}"
}

@inproceedings{feliciano:icse2016,
	author = {Feliciano, Joseph and Storey, Margaret-Anne and Zagalsky, Alexey},
	title = {Student Experiences Using GitHub in Software Engineering Courses: A Case Study},
	booktitle = {Proceedings of the 38th International Conference on Software Engineering Companion},
	year = {2016},
	pages = {422--431}
}

@misc{mtd,
	author    = "Mordechai Gur",
	title     = "Moving target defense vs. moving target attacks: The two faces of deception",
	howpublished = "\url{http://www.networkworld.com/article/3018881/tech-primers/moving-target-defense-vs-moving-target-attacks-the-two-faces-of-deception.html}"
}

@misc{detect,
	title     = "How Malware Detects Virtualized Environment (and its Countermeasures)",
	howpublished = "\url{http://resources.infosecinstitute.com/how-malware-detects-virtualized-environment-and-its-countermeasures-an-overview/#gref}"
}

@inproceedings{mtd:2016,
	author = {Gui-lin Cai, Bao-sheng Wang, Wei Hu and Tian-zuo Wang},
	title = {Moving target defense: state of the art and characteristics},
	booktitle = {Frontiers of Information Technology & Electronic Engineering},
	year = {2016},
	pages = {1122--1153}
}

@inproceedings{signature,
	author = {Keragala, Dilshan},
	title = {Detecting Malware and Sandbox Evasion Techniques},
	booktitle = {SANS Institute InfoSec Reading Room},
	year = {2016}
}
